<?xml version="1.0" encoding="UTF-8"?>
<collection xmlns:xsi="http://www.w3.org/2001/XMLSchema-instance" xsi:schemaLocation="http://www.loc.gov/MARC21/slim http://www.loc.gov/standards/marcxml/schema/MARC21slim.xsd" xmlns="http://www.loc.gov/MARC21/slim">
<record>
  <leader>00730mam a22002175a 4500</leader>
  <controlfield tag="001">3367877</controlfield>
  <controlfield tag="003">NNC</controlfield>
  <controlfield tag="005">20041124161242.0</controlfield>
  <controlfield tag="008">940630m19301932ua            000 0carard</controlfield>
  <datafield tag="035" ind1=" " ind2=" ">
    <subfield code="a">(OCoLC)ocm30695704</subfield>
  </datafield>
  <datafield tag="035" ind1=" " ind2=" ">
    <subfield code="9">AVD2313CU</subfield>
  </datafield>
  <datafield tag="035" ind1=" " ind2=" ">
    <subfield code="a">(NNC)3367877</subfield>
  </datafield>
  <datafield tag="040" ind1=" " ind2=" ">
    <subfield code="a">NDD</subfield>
    <subfield code="c">NDD</subfield>
    <subfield code="d">OCL</subfield>
  </datafield>
  <datafield tag="092" ind1=" " ind2=" ">
    <subfield code="a">297.813092</subfield>
    <subfield code="b">M235, S526, 1930</subfield>
  </datafield>
  <datafield tag="100" ind1="1" ind2=" ">
    <subfield code="a">Makhlūf, Muḥammad ibn Muḥammad.</subfield>
  </datafield>
  <datafield tag="245" ind1="1" ind2="0">
    <subfield code="a">Shajarat al-nūr al-zakīyah fī ṭabaqāt al-mālikīyah /</subfield>
    <subfield code="c">taʾlif Muḥammad ibn Muḥammad Makhlūf.</subfield>
  </datafield>
  <datafield tag="260" ind1=" " ind2=" ">
    <subfield code="a">Cairo :</subfield>
    <subfield code="b">al-Maṭbaʻah al-Salafīyah wa Maktabatuhā,</subfield>
    <subfield code="c">[1930?-1932?]</subfield>
  </datafield>
  <datafield tag="300" ind1=" " ind2=" ">
    <subfield code="a">2 v. ;</subfield>
    <subfield code="c">30 cm.</subfield>
  </datafield>
  <datafield tag="500" ind1=" " ind2=" ">
    <subfield code="a">Vol. 2 is a Supplement.</subfield>
  </datafield>
  <datafield tag="650" ind1=" " ind2="0">
    <subfield code="a">Malikites</subfield>
    <subfield code="v">Biography</subfield>
    <subfield code="v">Dictionaries.</subfield>
  </datafield>
  <datafield tag="955" ind1=" " ind2=" ">
    <subfield code="b">0026816164</subfield>
    <subfield code="d">glx</subfield>
    <subfield code="e">893.799 M289</subfield>
    <subfield code="v">v.1-2</subfield>
  </datafield>
</record>
</collection>